

@ARTICLE(k1,
	author = "鈴木洋，鈴木健二郎，井上義章，萩原良道",
	title = "角柱の挿入により非定常化した平行平板間流れと熱伝達",
	journal = "日本機械学会論文集(B編)",
	year = 1991,
        volume = "57",
        number = "536",
        pages = "1403-1409"
)

@ARTICLE(k2,
	author = "渡辺敬三，杉村禎一，矢板孝一",
	title = "回転流れ場における単一球粒子の数値シミュレーション（球粒子に作用する揚力の評価）",
	journal = "日本機械学会論文集(B編)",
	year = 1996,
        volume = "62",
        number = "603",
        pages = "1403-1409"
)

@ARTICLE(k3,
	author = "河村洋，岩本薫",
	title = "壁乱流の大規模直接数値シミュレーション",
	journal = "ながれ",
	year = 2010,
        volume = "29",
        number = "2",
        pages = "79-84"
)

@ARTICLE(n1,
	author = "Ryoichi Kurose，Mamiko Anami，Akitoshi Fujita and Satoru Komori",
	title = "Numerical simulation of flow past aheated/cooled sphere",
	journal = "J. Fluid Mech.",
	year = 2012,
        volume = 692,
        pages = "332-346"
)

@ARTICLE(n2,
	author = "Masaya Muto，Makoto Tsubokura and Nobuyuki Oshima",
	title = "Negative Magnus lift on a rotating sphere at around the critical Reynolds number",
	journal = "Phys. Fluids",
	year = 2012,
        volume = "24",
        pages = "014102"
)

@ARTICLE(n3,
	author = "川口靖夫，塚原隆裕，本澤政明",
	title = "粘弾性流体に現れる乱流渦構造",
	journal = "日本機械学会論文集(B編)",
	year = 2013,
        volume = "79",
        number = "808",
        pages = "2660-2669"
)

@ARTICLE(o1,
	author = "Jinhee Jeong and Fazle Hussain",
	title = "On the identification of a vortex",
	journal = "J. Fluid Mech.",
	year = 1995,
        volume = 285,
        pages = "69-94"
)

@ARTICLE(o2,
	author = "三角利之，上岩史欣，北村健三",
	title = "大きな水平加熱円柱まわりの自然対流の流動と伝熱",
	journal = "日本機械学会論文集(B編)",
	year = 1998,
        volume = "64",
        number = "618",
        pages = "151-158"
)

@ARTICLE(r1,
	author = "讃井純一郎，乾正雄",
	title = "レパートリー・グリッド発展手法による住環境評価構造の抽出 : 認知心理学に基づく住環境評価に関する研究(1)",
	journal = "日本建築学会計画系論文報告集",
	year = 1986,
        volume = "367",
        pages = "15-22"
)

@ARTICLE(r2,
	author = "S. Nagasawa",
	title = "Revision and verification of ''seven tools for new product planning''",
	journal = "KANSEI Engineering International",
	year = 2002,
        volume = "3",
        pages = "3-8"
)

@ARTICLE(v1,
	author = "S.Taneda",
	title = "Visual observations of the flow past a sphere at Reynolds numbers between $10^4$ and $10^6$",
	journal = "J. Fluid Mech.",
	year = 1978,
        volume = "85",
        pages = "187-192"
)

